<?xml version="1.0" encoding="UTF-8"?>
<marc:collection xmlns:marc="http://www.loc.gov/MARC21/slim" xmlns:xsi="http://www.w3.org/2001/XMLSchema-instance" xsi:schemaLocation="http://www.loc.gov/MARC21/slim http://www.loc.gov/standards/marcxml/schema/MARC21slim.xsd">
   <marc:record type="Bibliographic">
      <marc:leader>01477cam a2200301 a 4500</marc:leader>
      <marc:controlfield tag="001">2771970</marc:controlfield>
      <marc:controlfield tag="003">NjP</marc:controlfield>
      <marc:controlfield tag="005">20130517105209.0</marc:controlfield>
      <marc:controlfield tag="008">970611s1905    tu            000 0 arard</marc:controlfield>
      <marc:datafield tag="024" ind1="7" ind2=" ">
         <marc:subfield code="a">princeton_aco000286</marc:subfield>
         <marc:subfield code="2">local</marc:subfield>
      </marc:datafield>
      <marc:datafield tag="035" ind1=" " ind2=" ">
         <marc:subfield code="a">(OCoLC)ocm37047714</marc:subfield>
      </marc:datafield>
      <marc:datafield tag="035" ind1=" " ind2=" ">
         <marc:subfield code="9">CNG8996TS</marc:subfield>
      </marc:datafield>
      <marc:datafield tag="040" ind1=" " ind2=" ">
         <marc:subfield code="a">UUM</marc:subfield>
         <marc:subfield code="c">UUM</marc:subfield>
         <marc:subfield code="d">PUL</marc:subfield>
      </marc:datafield>
      <marc:datafield tag="100" ind1="0" ind2=" ">
         <marc:subfield code="a">Birgivî Mehmet Efendi,</marc:subfield>
         <marc:subfield code="d">approximately 1522-1573.</marc:subfield>
      </marc:datafield>
      <marc:datafield tag="245" ind1="1" ind2="0">
         <marc:subfield code="a">Sharḥ al-ahādīth al-arbaʻīn /</marc:subfield>
         <marc:subfield code="c">lil-imām al-Birkawī wa-al-Āqkirmānī. Sharḥ al-aḥādīth al-arbaʻīn lil-Nawawī / lil-Taftāzānī.</marc:subfield>
      </marc:datafield>
      <marc:datafield tag="260" ind1=" " ind2=" ">
         <marc:subfield code="a">[Turkey] :</marc:subfield>
         <marc:subfield code="b">Sirwīlī Ḥāfiẓ Muḥammad,</marc:subfield>
         <marc:subfield code="c">1323 [1905 or 6]</marc:subfield>
         <marc:subfield code="e">(Dar-i Saʻādat :</marc:subfield>
         <marc:subfield code="f">Iqdām Maṭbaʻası)</marc:subfield>
      </marc:datafield>
      <marc:datafield tag="300" ind1=" " ind2=" ">
         <marc:subfield code="a">16, 320 p.</marc:subfield>
         <marc:subfield code="c">25 cm.</marc:subfield>
      </marc:datafield>
      <marc:datafield tag="500" ind1=" " ind2=" ">
         <marc:subfield code="a">40 hadith compiled by Birgivî. Sharḥ begun by Birgivî, completed by Āqkirmānī.</marc:subfield>
      </marc:datafield>
      <marc:datafield tag="500" ind1=" " ind2=" ">
         <marc:subfield code="a">Includes Taftāzānī's: Sharḥ al-aḥādīth al-arbaʻīn lil-Nawawī, in the margins.</marc:subfield>
      </marc:datafield>
      <marc:datafield tag="590" ind1=" " ind2=" ">
         <marc:subfield code="a">In Arabic.</marc:subfield>
      </marc:datafield>
      <marc:datafield tag="590" ind1=" " ind2=" ">
         <marc:subfield code="a">Photocopy.</marc:subfield>
      </marc:datafield>
      <marc:datafield tag="600" ind1="1" ind2="0">
         <marc:subfield code="a">Birgivi︢ Mehmet Efendi,</marc:subfield>
         <marc:subfield code="d">ca. 1522-1573.</marc:subfield>
         <marc:subfield code="t">Aḥādīth al-arbaʻūn.</marc:subfield>
      </marc:datafield>
      <marc:datafield tag="600" ind1="0" ind2="0">
         <marc:subfield code="a">Nawawī,</marc:subfield>
         <marc:subfield code="d">1233-1277.</marc:subfield>
         <marc:subfield code="t">Arbaʻūn al-Nawawīyah.</marc:subfield>
      </marc:datafield>
      <marc:datafield tag="650" ind1=" " ind2="0">
         <marc:subfield code="a">Hadith</marc:subfield>
         <marc:subfield code="v">Texts.</marc:subfield>
      </marc:datafield>
      <marc:datafield tag="700" ind1="1" ind2=" ">
         <marc:subfield code="a">Āqkirmānī, Muḥammad ibn Muṣṭafá,</marc:subfield>
         <marc:subfield code="d">-1760 or 1761.</marc:subfield>
      </marc:datafield>
      <marc:datafield tag="700" ind1="1" ind2=" ">
         <marc:subfield code="a">Taftāzānī, Masʻūd ibn ʻUmar,</marc:subfield>
         <marc:subfield code="d">1322-1389?</marc:subfield>
         <marc:subfield code="t">Sharḥ al-arbaʻīn al-Nawawīyah.</marc:subfield>
      </marc:datafield>
      <marc:datafield tag="740" ind1="2" ind2=" ">
         <marc:subfield code="a">Sharḥ al-aḥādīth al-arbaʻīn lil-Nawawī.</marc:subfield>
      </marc:datafield>
      <marc:datafield tag="852" ind1="0" ind2=" ">
         <marc:subfield code="b">nec</marc:subfield>
         <marc:subfield code="h">PJ7803.B57</marc:subfield>
         <marc:subfield code="i">Z532 1905</marc:subfield>
         <marc:subfield code="p">3082818</marc:subfield>
         <marc:subfield code="x">reclassed from: 2270.7.587</marc:subfield>
      </marc:datafield>
      <marc:datafield tag="945" ind1=" " ind2=" ">
         <marc:subfield code="a">F</marc:subfield>
         <marc:subfield code="b">1</marc:subfield>
         <marc:subfield code="c">2270.7.587</marc:subfield>
      </marc:datafield>
      <marc:datafield tag="911" ind1=" " ind2=" ">
         <marc:subfield code="a">20000130</marc:subfield>
      </marc:datafield>
   </marc:record>
</marc:collection>
